@Article{Grundler-2016,
  author       = {Grundler, M. and Derieth, T. and Heinzel, A.},
  title	       = {Polymer compounds with high thermal conductivity},
  year	       = 2016,
  doi	       = {10.1063/1.4965485},
  url	       = {http://dx.doi.org/10.1063/1.4965485},
  publisher    = {Author(s)}
}

@Article{Kumlutas-2003-113,
  author       = {Kumlutas, D},
  title	       = {Thermal conductivity of particle filled polyethylene composite materials},
  year	       = 2003,
  volume       = 63,
  number       = 1,
  month	       = {Jan},
  pages	       = {113–117},
  issn	       = {0266-3538},
  doi	       = {10.1016/s0266-3538(02)00194-x},
  url	       = {http://dx.doi.org/10.1016/S0266-3538(02)00194-X},
  journal      = {Composites Science and Technology},
  publisher    = {Elsevier BV}
}

@Article{Boudenne-2005-1545,
  author       = {Boudenne, A. and Ibos, L. and Fois, M. and Majesté, J.C. and Géhin, E.},
  title	       = {Electrical and thermal behavior of polypropylene filled with copper particles},
  year	       = 2005,
  volume       = 36,
  number       = 11,
  month	       = {Nov},
  pages	       = {1545–1554},
  issn	       = {1359-835X},
  doi	       = {10.1016/j.compositesa.2005.02.005},
  url	       = {http://dx.doi.org/10.1016/j.compositesa.2005.02.005},
  journal      = {Composites Part A: Applied Science and Manufacturing},
  publisher    = {Elsevier BV}
}

@Article{Zhou-2007-1863,
  author       = {Zhou, Wenying and Qi, Shuhua and An, Qunli and Zhao, Hongzhen and Liu, Nailiang},
  title	       = {Thermal conductivity of boron nitride reinforced polyethylene composites},
  year	       = 2007,
  volume       = 42,
  number       = 10,
  month	       = {Oct},
  pages	       = {1863–1873},
  issn	       = {0025-5408},
  doi	       = {10.1016/j.materresbull.2006.11.047},
  url	       = {http://dx.doi.org/10.1016/j.materresbull.2006.11.047},
  journal      = {Materials Research Bulletin},
  publisher    = {Elsevier BV}
}

@Article{Lee-2006-727,
  author       = {Lee, Geon-Woong and Park, Min and Kim, Junkyung and Lee, Jae Ik and Yoon, Ho Gyu},
  title	       = {Enhanced thermal conductivity of polymer composites filled with hybrid filler},
  year	       = 2006,
  volume       = 37,
  number       = 5,
  month	       = {May},
  pages	       = {727–734},
  issn	       = {1359-835X},
  doi	       = {10.1016/j.compositesa.2005.07.006},
  url	       = {http://dx.doi.org/10.1016/j.compositesa.2005.07.006},
  journal      = {Composites Part A: Applied Science and Manufacturing},
  publisher    = {Elsevier BV}
}

@Article{Chen-2002-359,
  author       = {Chen, Yu-Mao and Ting, Jyh-Ming},
  title	       = {Ultra high thermal conductivity polymer composites},
  year	       = 2002,
  volume       = 40,
  number       = 3,
  month	       = {Mar},
  pages	       = {359–362},
  issn	       = {0008-6223},
  doi	       = {10.1016/s0008-6223(01)00112-9},
  url	       = {http://dx.doi.org/10.1016/S0008-6223(01)00112-9},
  journal      = {Carbon},
  publisher    = {Elsevier BV}
}

@Article{Wong-2001-1549,
  author       = {Wong, Y. W. and Lo, K. L. and Shin, F. G.},
  title	       = {Electrical and thermal properties of composite of liquid crystalline polymer filled with carbon black},
  year	       = 2001,
  volume       = 82,
  number       = 6,
  pages	       = {1549–1555},
  issn	       = {1097-4628},
  doi	       = {10.1002/app.1993},
  url	       = {http://dx.doi.org/10.1002/app.1993},
  journal      = {Journal of Applied Polymer Science},
  publisher    = {Wiley}
}

